@ARTICLE{picc15,
  title = {{GPU Clusters for High-Performance Computing. In Proceedings of the Workshop on Parallel Programming on Accelerator Clusters}},
  author = {Volodymyr V. Kindratenko and Jeremy J. Enos and Guochun Shi and Michael T. Showerman and Galen W. Arnold and John E. Stone and James C. Phillips and Wen-mei Hwu},
  journal = {PPAC'09},
  month = august,
  year = {2009}
}

@ARTICLE{piccart,
  title = {{Acelera\c{c}\~{a}o de Computa\c{c}\~{o}es Cient\'{i}ficas com Processadores Heterog\^{e}neos}},
  author = {Lu\'{i}s Picciochi Oliveira and Jo\~{a}o M. Louren\c{c}o},
  school = {Universidade Nova de Lisboa, Portugal},
  journal = {INForum},
  howpublished = {\url{http://inforum.org.pt/}},
  year = {2011}
}

@MASTERSTHESIS{piccdis,
  author = {Lu\'{i}s Picciochi Oliveira},
  title = {{A Framework for Scientific Computing with GPUs}},
  school = {Universidade Nova de Lisboa, Portugal},
  year = {2010}
}

@MASTERSTHESIS{lucasdis,
  author = {Lucas Pantuza Amorim},
  title = {{Gera\c{c}\~{a}o de Nuvem de Pontos para M\'{e}todos sem Malhas}},
  school = {Universidade Federal de Minas Gerais},
  month = september,
  year = {2011}
}

@PHDTHESIS{DENISEPHD,
  author = {Burgarelli, Denise},
  title = {Modelagem Computacional e Simula\c{c}\~{a}o Num\'{e}rica Adaptativa de Equa\c{c}\~{o}es Diferenciais Parciais Evolutivas Aplicadas a um Problema Termoac\'{u}stico},
  school = {Departamento de Matem\'{a}tica da PUC-RIO},
  year = {1998}
}

@ARTICLE{deniseartigo,
  title = {{A new adaptive mesh refinement strategy for numerically solving evolutionary PDE's}},
  author = {Burgarelli, D. and Kischinhevsky, M. and Biezuner, R. J},
  journal = {Journal of Computational and Applied Mathematics, 196},
  pages = {115-131},
  year = {2006}
}

@BOOK{Berg2008b,
  title = {{Computational Geometry - Algorithms and Applications}},
  publisher = {Springer},
  year = {2008},
  author = {Berg, M. D. and Cheong, O. and Kreveld, M. V. and Overmars, M.},
  edition = {3rd},
  timestamp = {2009.12.02}
}

@MISC{voron,
  title = {{Voronoi diagrams and Delaunay triangulations}},
  howpublished = {\url{http://compgeom.cs.uiuc.edu/~jeffe/compgeom/code.html\#voronoi}},
  author = {Jeff Erickson},
  year = {2011}
}

@ARTICLE{MaKn89,
  title = {{An Algorithm for Computing the Union, Intersection or Difference of Two Polygons}},
  author = {Margalit, A. and Knott, G. D.},
  journal = {Computers \& Graphics 13(2)},
  pages = {167-183},
  year = {1989}
}

@ARTICLE{QIANG,
  author = {Du, Qiang and Emelianenko, Maria and Ju, Lili},
  title = {{Convergence of the Lloyd algorithm for computing centroidal Voronoi tessellations}},
  journal = {SIAM Journal on Numerical Analysis 44},
  pages = {102-119},
  doi = {DOI: 10.1137/040617364},
  year = {2006}
}

@MISC{nVIDIA,
  title = {{nVIDIA}},
  howpublished = {\url{http://www.nvidia.com}},
  author = {W. Randolph Franklin},
  year = {2011}
}

@MISC{MORIMOTO,
  title = {{OpenCL, CUDA, Brook: processamento usando a GPU}},
  howpublished = {\url{http://www.gdhpress.com.br/blog/opencl/}},
  author = {Carlos Morimoto},
  year = {2009}
}

@BOOK{opencl,
  title = {{The OpenCL Specification}},
  year = {2010},
  author = {Aaftab Munshi},
  type = { Book },
  edition = {1.1.36}
}
@BOOK{Jeffrey2003,
  title = {{Applied Partial Differential Equations - An Introduction}},
  publisher = {Academic Press, Elsevier},
  year = {2002},
  author = {Alan Jeffrey}
}
@BOOK{Hughes2000b,
  title = {The Finite Element Method: Linear Static and Dynamic Finite Element Analysis},
  publisher = {Dover Publications},
  year = {2000},
  author = {Thomas J. R. Hughes}
}
@BOOK{taflove00b,
  title = {Computational Electrodynamics - The Finite-Difference Time-Domain Method},
  publisher = {Artech House},
  year = {2000},
  author = {A. Taflove},
  address = {Norwood, MA}
}

@PHDTHESIS{RAMOS,
  author = {Alexandre Ramos Fonseca},
  title = {Algoritmos Eficientes em Métodos sem Malha},
  school = {Universidade Federal de Minas Gerais},
  year = {2011}
}


@MISC{GPUtrends,
  title = {{CPU and GPU trends over time}},
  howpublished = {\url{http://www.r-bloggers.com/cpu-and-gpu-trends-over-time/}},
  author = {csgillespie},
  month = January,
  year = {2011}
}











@ARTICLE{art11,
  author = {T. Belytschko and Y. Y. Lu and L. Gu},
  title = {{Element-free Galerkin methods}},
  journal = {International Journal for Numerical Methods in Engineering},
  volume = {37},
  pages = {229-256},
  year = {1994}
}
@Article{art12,
  author = {S. N. Atluri and T. Zhu},
  title = {{A new meshless local Petrov-Galerkin (MLPG) approach in computational mechanics}},
  journal = {Comput. Mech.},
  year = {1998},
  volume = {22},
  OPTnumber = {},
  OPTmonth = {},
  pages = {117--127},
  OPTnote = {},
  OPTannote = {}
}
@ARTICLE{art13,
  author = {S. NAKATA},
  title = {{An efficient scheme for meshless analysis based on radial basis functions, in ... Using Hierarchical Cell Structure}},
  journal = {ICNAAM 2007 proceedings},
  pages = {378-381},
  year = {2007}
}
@inproceedings{Gobbetti:2007:GAM:1281500.1281568,
 author = {Gobbetti, Enrico and Marton, Fabio},
 title = {GPU-friendly accelerated mesh-based and mesh-less techniques for the output-sensitive rendering of huge complex 3D models},
 booktitle = {ACM SIGGRAPH 2007 courses},
 series = {SIGGRAPH '07},
 year = {2007},
 location = {San Diego, California},
 articleno = {8},
 url = {http://doi.acm.org/10.1145/1281500.1281568},
 doi = {http://doi.acm.org/10.1145/1281500.1281568},
 acmid = {1281568},
 publisher = {ACM},
 address = {New York, NY, USA},
} 
@article{DBLP:journals/cphysics/YokotaNSKOY09,
  author    = {Rio Yokota and
               Tetsu Narumi and
               Ryuji Sakamaki and
               Shun Kameoka and
               S. Obi and
               Kenji Yasuoka},
  title     = {Fast multipole methods on a cluster of GPUs for the meshless
               simulation of turbulence},
  journal   = {Computer Physics Communications},
  volume    = {180},
  number    = {11},
  year      = {2009},
  pages     = {2066-2078},
  ee        = {http://dx.doi.org/10.1016/j.cpc.2009.06.009},
  bibsource = {DBLP, http://dblp.uni-trier.de}
}
@ARTICLE{Atluri,
  author = {Han, Z.D. and Atluri, S.N.},
  title = {{Meshless local Petrov-Galerkin (MLPG) approaches for solving 3D problems in elasto-statics}},
  journal = {CMES: Comp. Modeling Eng. Sci. v6 i2},
  pages = {169-188},
  year = {2004}
}
@ARTICLE{Nakata,
  author = {Nakata, S. and Takeda, Yu. and Fujita, N. and Ikuno, S.},
  title = {{Parallel algorithm for meshfree radial point interpolation method on graphics hardware}},
  journal = {Electromagnetic Field Computation (CEFC), 2010 14th Biennial IEEE Conference on},
  doi = {http://doi.acm.org/10.1109/CEFC.2010.5481455},
  year = {2010}
}
@ARTICLE{Imre,
  author = {Imre Kiss and Szabolcs Gyim\'{o}thy and Zsolt Badics},
  title = {{Parallel realisation of the element-by-element FEM technique by CUDA}},
  howpublished = {\url{http://ieeelive.com/ieee-abstracts/188-magnetics/5736-parallel-realization-of-the-element-by-element-fem-technique-by-cuda.html}},
  month = January,
  year = {2012}
}

@ARTICLE{Olivier,
  author = {Olivier Comas and A. Zeike Taylor and J\'{e}r\'{e}mie Allard and S\'{e}bastien Ourselin and St\'{e}phane Cotin and Josh Passenger},
  title = {{Efficient nonlinear FEM for soft tissue modelling and its GPU implementation within the open source framework SOFA}},
  howpublished = {\url{www.sofa-framework.org/docs/sofa-tled-isbms08.pdf}},
  journal = {Proceedings of the International Symposium on Computational Models for Biomedical Simulation (ISBMS)},
  year = {2008}
}
