@inproceedings{Kale:2010,
 author = {Kale, Vivek and Solomonik, Edgar},
 title = {Parallel sorting pattern},
 booktitle = {Proceedings of the 2010 Workshop on Parallel Programming Patterns},
 series = {ParaPLoP '10},
 year = {2010},
 isbn = {978-1-4503-0127-5},
 location = {Carefree, Arizona},
 pages = {10:1--10:12},
 articleno = {10},
 numpages = {12},
 acmid = {1953621},
 publisher = {ACM},
 address = {New York, NY, USA},
} 

@article{Manferdelli:2008,
    author = {Manferdelli, John L. and Govindaraju, Naga K. and Crall, Chris},
    booktitle = {Proceedings of the IEEE},
    citeulike-article-id = {2767478},
    citeulike-linkout-0 = {http://dx.doi.org/10.1109/JPROC.2008.917730},
    citeulike-linkout-1 = {http://ieeexplore.ieee.org/xpls/abs\_all.jsp?arnumber=4484943},
    issn = {0018-9219},
    journal = {Proceedings of the IEEE},
    keywords = {manycore, system},
    month = may,
    number = {5},
    pages = {808--815},
    posted-at = {2009-05-11 14:04:58},
    priority = {2},
    title = {Challenges and Opportunities in {Many-Core} Computing},
    volume = {96},
    year = {2008}
}

@article{Asanovic:2009,
 author = {Asanovic, Krste and Bodik, Rastislav and Demmel, James and Keaveny, Tony and Keutzer, Kurt and Kubiatowicz, John and Morgan, Nelson and Patterson, David and Sen, Koushik and Wawrzynek, John and Wessel, David and Yelick, Katherine},
 title = {A view of the parallel computing landscape},
 journal = {Commun. ACM},
 issue_date = {October 2009},
 volume = {52},
 number = {10},
 month = oct,
 year = {2009},
 issn = {0001-0782},
 pages = {56--67},
 numpages = {12},
 acmid = {1562783},
 publisher = {ACM},
 address = {New York, NY, USA},
} 

@article{Dean:2008,
 author = {Dean, Jeffrey and Ghemawat, Sanjay},
 title = {MapReduce: simplified data processing on large clusters},
 journal = {Commun. ACM},
 issue_date = {January 2008},
 volume = {51},
 number = {1},
 month = jan,
 year = {2008},
 issn = {0001-0782},
 pages = {107--113},
 numpages = {7},
 acmid = {1327492},
 publisher = {ACM},
 address = {New York, NY, USA},
} 

@book{Hadoop:2010,
  added-at = {2010-06-21T13:01:41.000+0200},
  author = {White, Tom},
  biburl = {http://www.bibsonomy.org/bibtex/286b2f94f4897716b2af8afdf0859d6e8/flowolf},
  edition = {first edition},
  editor = {Loukides, Mike},
  interhash = {5a0fe8dba8705ae9f2b446cfab7e0190},
  intrahash = {86b2f94f4897716b2af8afdf0859d6e8},
  keywords = {awm2010 awmhadoop definitive guide hadoop hadoop-group white},
  month = {june},
  publisher = {O'Reilly},
  timestamp = {2010-06-21T13:01:41.000+0200},
  title = {Hadoop: The Definitive Guide},
  url = {http://oreilly.com/catalog/9780596521981},
  year = 2009
}

@MISC{PageRank:1999,
    author = {Lawrence Page and Sergey Brin and Rajeev Motwani and Terry Winograd},
    title = {The PageRank Citation Ranking: Bringing Order to the Web},
    year = {1999}
}

@INPROCEEDINGS{Cherkasova:2011,
AUTHOR = "Ludmila Cherkasova",
TITLE = "Performance modeling in mapreduce environments: challenges and opportunities.",
booktitle = "ICPE'11",
PAGES = {5-6},
YEAR = {2011}, 
}

@inproceedings{Ernst:2009,
  author    = {Daniel Ernst and
               Barry Wittman and
               Brian Harvey and
               Tom Murphy and
               Michael Wrinn},
  title     = {Preparing students for ubiquitous parallelism},
  booktitle = {SIGCSE},
  year      = {2009},
  pages     = {136-137}
  }

@Misc{Prinslow:2011,
    author = {Garrison Prinslow},
    title = {Overview of Performance Measurement and Analytical Modeling Techniques for Multi-core Processors},
    year = {2011}
}


@Misc{Paula:2011,
    author = {Paula de Morais Pinh{\~a}o},
    title = {Ordenação Paralela no Ambiente Hadoop},
    year = {2011}
}