% This file was created with JabRef 2.4.
% Encoding: Cp1252

@INPROCEEDINGS{ArantesVTT03,
  author = {Adriano S. Arantes and Marcos R. Vieira and Caetano Traina Jr. and
	Agma J. M. Traina},
  title = {{Operadores de Sele\c{c}{\~a}o por Similaridade para Sistemas de
	Gerenciamento de Bases de Dados Relacionais}},
  booktitle = {Proceedings of the Brazilian Symposium on Databases (SBBD)},
  year = {2003},
  pages = {341-355}
}

@INPROCEEDINGS{BichselP92,
  author = {M. Bichsel and Alex P. Pentland},
  title = {{A Simple Algorithm For Shape From Shading}},
  booktitle = {Proceedings of the {IEEE} Conference on Computer Vision and Pattern
	Recognition ({CVPR})},
  year = {1992},
  pages = {459--465},
  url = {citeseer.csail.mit.edu/bichsel92simple.html}
}

@BOOK{BoothCW08,
  title = {The Craft of Research},
  publisher = {University Of Chicago Press},
  year = {2008},
  author = {Wayne C. Booth and Gregory G. Colomb and Joseph M. Williams}
}

@INPROCEEDINGS{BraganholoDH05,
  author = {Vanessa P. Braganholo and Susan B. Davidson and Carlos A. Heuser
	and bla bla and cla cla and dal dal},
  title = {{Updating Relations through XML Views}},
  booktitle = {Anais do Congresso da Sociedade Brasileira de Computa\c{c}{\~a}o
	- Concurso de Teses e Disserta\c{c}{\~o}es ({CTD})},
  year = {2005},
  pages = {95-103}
}

@MISC{CamaraNeto2011,
  author = {Vilar {da Camara Neto}},
  title = {A classe ppgccufmg},
  howpublished = {http://vilarneto.com/ppgccufmg},
  year = {2011}
}



@PHDTHESIS{Cordeiro2011,
  author = {Robson Leonardo Ferreira Cordeiro},
  title = {Data mining in large sets of complex data},
  school = {Programa de Pós-Graduação em Ciências de Computação e Matemática
	Computacional. Instituto de Ciências Matemáticas e de Computação,
	USP São Carlos.},
  year = {2011}
}

@INPROCEEDINGS{DrorLAW01,
  author = {Ron O. Dror and Thomas K. Leung and Edward H. Adelson and Alan S.
	Willsky},
  title = {{Statistics of Real-World }},
  booktitle = {Proceedings of the {IEEE} Conference on Computer Vision and Pattern
	Recognition ({CVPR})},
  year = {2001},
  month = {December}
}

@ARTICLE{FranklW93,
  author = {P.G. Frankland and E.J. Weyuker},
  title = {{Provable improvements on branch testing}},
  journal = {IEEE Transactions on Software Engineering (TSE)},
  year = {1993},
  volume = {19},
  pages = {962 -975},
  number = {10}
}

@BOOK{GraffB09,
  title = {"They Say / I Say": The Moves That Matter in Academic Writing},
  publisher = {W. W. Norton \& Company},
  year = {2009},
  author = {Gerald Graff and Cathy Birkenstein}
}

@INPROCEEDINGS{GuisserPC92,
  author = {Latifa Guisser and René Payrissat and Serge Castan},
  title = {A new {3-D} surface measurement system using a structured light},
  booktitle = {Proceedings of the {IEEE} Conference on Computer Vision and Pattern
	Recognition ({CVPR})},
  year = {1992},
  pages = {784--786},
  month = {June}
}

@BOOK{Horn86,
  title = {Robot Vision},
  publisher = {McGraw-Hill Book Company, Cambridge, Massachusetts},
  year = {1986},
  author = {Berthold Klaus Paul Horn},
  note = {MIT Electrical Engineering and Computer Science Series}
}

@INPROCEEDINGS{HougenA93,
  author = {Darrel R. Hougen and Narendra Ahuja},
  title = {Estimation Of The Light Source Distribution And Its Use In Integrated
	Shape Recovery From Stereo And Shading},
  booktitle = {Proceedings of the {IEEE} International Conference on Computer Vision
	({ICCV})},
  year = {1993},
  pages = {148--155}
}

@INPROCEEDINGS{LorensenC87,
  author = {William E. Lorensen and Harvey E. Cline},
  title = {{Marching cubes: A high resolution 3D surface construction algorithm}},
  booktitle = {Proceedings of the Annual Conference on Computer Graphics and Interactive
	Techniques (SIGGRAPH)},
  year = {1987},
  pages = {163--169}
}

@INPROCEEDINGS{MoroBT07,
  author = {Mirella Moura Moro and Petko Bakalov and Vassilis J. Tsotras},
  title = {{Early Profile Pruning on XML-aware Publish/Subscribe Systems}},
  booktitle = {Proceedings of the International Conference on Very Large Data Bases},
  year = {2007},
  pages = {866-877},
  ee = {http://www.vldb.org/conf/2007/papers/research/p866-moro.pdf},
  location = {Vienna, Austria}
}

@MASTERSTHESIS{Odon2011,
  author = {Rafael {Odon de Alencar}},
  title = {Utilizando Evidência da Wikipedia para Relacionar Textos a Lugares},
  school = {Programa de Pós-Graduação em Ciência da Computação. Universidade
	Federal de Minas Gerais},
  year = {2011}
}

@INPROCEEDINGS{RaghavanVRYS07,
  author = {Barath Raghavan and Kashi Vishwanath and Sriram Ramabhadran and Kenneth
	Yocum and Alex Snoeren},
  title = {{Cloud Control with Distributed Rate Limiting}},
  booktitle = {Proceedings of the {ACM SIGCOMM} Conference},
  year = {2007}
}

@INPROCEEDINGS{SamarasM99,
  author = {Dimitris Samaras and Dimitris Metaxas},
  title = {Coupled Lighting Direction and Shape Estimation from Single Images},
  booktitle = {Proceedings of the {IEEE} International Conference on Computer Vision
	({ICCV})},
  year = {1999},
  pages = {868--874}
}

@INPROCEEDINGS{SantosMSV06,
  author = {Roberto Oliveira dos Santos and Filipe de S{\'a} Mesquita and Altigran
	Soares da Silva and Eli Cortez C. Vilarinho},
  title = {{Extra\c{c}{\~a}o de Dados e Metadados em Textos Semi-estruturados
	usando HMMs}},
  booktitle = {Proceedings of the Brazilian Symposium on Databases (SBBD)},
  year = {2006},
  pages = {117-131},
  ee = {http://www.lbd.dcc.ufmg.br:8080/colecoes/sbbd/2006/009.pdf}
}

@ARTICLE{Shashua97,
  author = {Amnon Shashua},
  title = {On Photometric Issues in {3D} Visual Recognition from a Single {2D}
	Image},
  journal = {International Journal of Computer Vision ({IJCV})},
  year = {1997},
  volume = {21},
  pages = {99--122},
  number = {1/2}
}

@ARTICLE{TrainaT2009,
  author = {Agma Juci Machado Traina and Caetano {Traina Jr.}},
  title = {Como fazer pesquisa bibliogr\'afica},
  journal = {SBC Horizontes},
  year = {2009},
  volume = {2},
  pages = {30-35},
  number = {2}
}

@BOOK{Turabian07,
  title = {A Manual for Writers of Research Papers, Theses, and Dissertations},
  publisher = {University Of Chicago Press},
  year = {2007},
  author = {Kate L. Turabian}
}

@BOOK{Wazlawick09,
  title = {Metodologia de Pesquisa para Ciência da Computação},
  publisher = {Elsevier},
  year = {2009},
  author = {Raul Sidnei Wazlawick}
}

@INPROCEEDINGS{ZhangRL96,
  author = {Tian Zhang and Raghu Ramakrishnan and Miron Livny},
  title = {{BIRCH: An Efficient Data Clustering Method for Very Large Databases}},
  booktitle = {Proceedings of the {ACM SIGMOD} International Conference on Management
	of Data},
  year = {1996},
  pages = {103-114}
}

@BOOK{Zobel04,
  title = {Writing for Computer Science},
  publisher = {Springer},
  year = {2004},
  author = {Justin Zobel}
}

