@inproceedings{Kale:2010,
 author = {Kale, Vivek and Solomonik, Edgar},
 title = {Parallel sorting pattern},
 booktitle = {Proceedings of the 2010 Workshop on Parallel Programming Patterns},
 series = {ParaPLoP '10},
 year = {2010},
 isbn = {978-1-4503-0127-5},
 location = {Carefree, Arizona},
 pages = {10:1--10:12},
 articleno = {10},
 numpages = {12},
 url = {http://doi.acm.org/10.1145/1953611.1953621},
 doi = {10.1145/1953611.1953621},
 acmid = {1953621},
 publisher = {ACM},
 address = {New York, NY, USA},
} 

@article{Manferdelli:2008,
    author = {Manferdelli, John L. and Govindaraju, Naga K. and Crall, Chris},
    booktitle = {Proceedings of the IEEE},
    citeulike-article-id = {2767478},
    citeulike-linkout-0 = {http://dx.doi.org/10.1109/JPROC.2008.917730},
    citeulike-linkout-1 = {http://ieeexplore.ieee.org/xpls/abs\_all.jsp?arnumber=4484943},
    doi = {10.1109/JPROC.2008.917730},
    issn = {0018-9219},
    journal = {Proceedings of the IEEE},
    keywords = {manycore, system},
    month = may,
    number = {5},
    pages = {808--815},
    posted-at = {2009-05-11 14:04:58},
    priority = {2},
    title = {Challenges and Opportunities in {Many-Core} Computing},
    url = {http://dx.doi.org/10.1109/JPROC.2008.917730},
    volume = {96},
    year = {2008}
}

@article{Asanovic:2009,
 author = {Asanovic, Krste and Bodik, Rastislav and Demmel, James and Keaveny, Tony and Keutzer, Kurt and Kubiatowicz, John and Morgan, Nelson and Patterson, David and Sen, Koushik and Wawrzynek, John and Wessel, David and Yelick, Katherine},
 title = {A view of the parallel computing landscape},
 journal = {Commun. ACM},
 issue_date = {October 2009},
 volume = {52},
 number = {10},
 month = oct,
 year = {2009},
 issn = {0001-0782},
 pages = {56--67},
 numpages = {12},
 url = {http://doi.acm.org/10.1145/1562764.1562783},
 doi = {10.1145/1562764.1562783},
 acmid = {1562783},
 publisher = {ACM},
 address = {New York, NY, USA},
} 

@article{Dean:2008,
 author = {Dean, Jeffrey and Ghemawat, Sanjay},
 title = {MapReduce: simplified data processing on large clusters},
 journal = {Commun. ACM},
 issue_date = {January 2008},
 volume = {51},
 number = {1},
 month = jan,
 year = {2008},
 issn = {0001-0782},
 pages = {107--113},
 numpages = {7},
 url = {http://doi.acm.org/10.1145/1327452.1327492},
 doi = {10.1145/1327452.1327492},
 acmid = {1327492},
 publisher = {ACM},
 address = {New York, NY, USA},
} 