@misc{NPD,
	Author={NPD, Consumer Market Research },
	Howpublished={\url{http://www.npd.com/corpServlet?nextpage=corp_welcome.html}},
	Title={NPD, Consumer Market Research }
}
@misc{NPD-PressRelease,
	Author={NPD, Consumer Market Research },
	Howpublished={\url{http://www.npd.com/press/releases/press_100510.html}},
	year={2010},
	Title={Android Shakes Up U.S. Smartphone Market}
}
@misc{CorreioBraziliense,
	Author={CorreioBraziliense},
	Howpublished={\url{http://www.correiobraziliense.com.br/app/noticia182/2010/07/27/tecnologia,i=204536/VENDA+DE+SMARTPHONES+REGISTRA+CRESCIMENTO+EM+TODO+O+MUNDO.shtml}},
	year={2010},
	month={07},
	title={Venda de smartphones registra crescimento em todo o mundo}
}
@misc{anatel,
	Author={Anatel},
	Howpublished={\url{http://www.anatel.gov.br/Portal/exibirPortalNoticias.do?acao=carregaNoticia&codigo=21052}},
	year={2010},
	month={08},
	title={Acessos moveis ultrapassam 187 milhoes assinantes em julho}
}
@misc{r2g,
	Author={research2guidance},
	Howpublished={\url{http://www.research2guidance.com/smartphone-application-market-to-reach-us15-65-billion-in-2013/ }},
	year={2010},
	month={03},
	title={Smartphone Application Market To Reach US\$15.65 Billion In 2013}
}
@misc{r2g-half,
	Author={research2guidance},
	Howpublished={\url{http://www.research2guidance.com/the-smartphone-application-market-has-reached-more-than-2.2-billion-dollars-in-the-first-half-of-2010/}},
	year={2010},
	month={07},
	title={Smartphone application market has reached more than 2.2 bilion dollars in the first half of 2010}
}
@misc{clouds,
	Author={Michael Armbrust and Armando Fox and Rean Griffith and Anthony D. Joseph and Randy H. Katz and Andrew Konwinski and Gunho Lee and David A. Patterson and Ariel Rabkin and Ion Stoica and Matei Zaharia},
	year={2009},
	month={02},
	title={Above the Clouds: A Berkeley View of Cloud Computing}
}


