@inproceedings{rp99,
    author = {Rasmus Pagh},
    title = "{Hash and Displace: Efficient Evaluation of Minimal Perfect Hash Functions}",
    booktitle = {Workshop on Algorithms and Data Structures},
    pages = {49-54},
    year = 1999,
    key = {author} 
}

@MastersThesis{mar00,
  author = {Marden Silveira Neubert},
  title = "{Algoritmos Distribuídos para a Construção de Arquivos Invertidos}",
  school =  {Departamento de Ciência da Computação, Universidade Federal de Minas Gerais},
  year =  2000,
  month = {Março},
  key = {author}
}



@Book{linked,
  author =       {A. L. Barabasi},
  title =        "{Linked: The New Science of Networks}",
  publisher =    {Perseus Publishing},
  year =         {2002},
}


@article{acmsurveys,
 author = {Deepayan Chakrabarti and Christos Faloutsos},
 title = "{Graph Mining: Laws, Generators, and Algorithms}",
 journal = {ACM Computing Surveys},
 volume = {38},
 number = {1},
 year = {2006},
  pages = {2-59},
 publisher = {ACM},
 address = {New York, NY, USA},
 }


@inproceedings{3faloutsos,
 author = {M. Faloutsos and P. Faloutsos and C. Faloutsos},
 title = "{On Power-law Relationships of the Internet Topology}",
 booktitle = {Proceedings of the ACM SIGCOMM '99},
 year = {1999},
 isbn = {1-58113-135-6},
 pages = {251--262},
 location = {Cambridge, Massachusetts, United States},
 publisher = {ACM Press},
 address = {New York, NY, USA},
 }

@Misc{irl:06,
  key = 	 {IRL},
  author = 	 {IRL},
  title = 	 "{Internet Research Laboratory}",
  howpublished = {\url{http://irl.cs.ucla.edu/topology}},
  OPTmonth = 	 {},
  year = 	 {2007},
  note = 	 {Acesso em março de 2007},
  OPTannote = 	 {}
}


@Misc{abnt,
  key = 	 {ABNT},
  OPTauthor = 	 {},
  title = 	 {Normas Bibliográficas da ABNT},
  howpublished = {\url{http://www.leffa.pro.br/textos/abnt.htm}},
  OPTmonth = 	 {},
  year = 	 {2009},
  note = 	 {Acesso em julho de 2009},
  OPTannote = 	 {}
}

