
%% This BibTeX bibliography file was created using BibDesk.
%% http://bibdesk.sourceforge.net/


%% Created for Raquel Gon√ßalves at 2012-05-06 13:41:14 -0300 


%% Saved with string encoding Unicode (UTF-8) 

@book{Aho:1974,
  author    = {Alfred V. Aho and
               John E. Hopcroft and
               Jeffrey D. Ullman},
  title     = {The Design and Analysis of Computer Algorithms},
  publisher = {Addison-Wesley},
  year      = {1974},
address ={Boston, MA, USA}
}

@book{Akl:1990,
 author = {Akl, Selim G.},
 title = {Parallel Sorting Algorithms},
 year = {1990},
 isbn = {0120476800},
 publisher = {Academic Press, Inc.},
 address = {Orlando, FL, USA},
} 

@book{Almasi:1994,
  author    = {George S. Almasi and
               Allan Gottlieb},
  title     = {Highly parallel computing (2. ed.)},
  publisher = {Addison-Wesley},
  year      = {1994},
  address      = {Redwood City, CA, USA},
  pages     = {I-XXVI, 1-689}
}
@techreport{Amato:1996,
	author = {Nancy M. Amato and Ravishankar Iyer and Sharad Sundaresan and Yan Wu},
	title = {A Comparison of Parallel Sorting Algorithms on Different Architectures},
	year = {1998},
	source = {http://www.ncstrl.org:8900/ncstrl/servlet/search?formname=detail\&id=oai%3Ancstrlh%3Atamucs%3Ancstrl.tamu_cs%2F%2FTR98-029},
	publisher = {Texas A \& M University},
	address = {College Station, TX, USA}
}

@inproceedings{Amdahl:1967,
	Author = {Gene M. Amdahl},
	Booktitle = {Proceedings of the {A}pril 18--20, 1967, spring joint computer conference---{AFIPS} '67 (Spring)},
	Address = {New York, USA},
	Pages = {483--485},
	Publisher = {ACM Press},
	Title = {Validity of the Single Processor Approach to Achieving Large Scale Computing Capabilities},
	Year = {1967}}
	
@article{Asanovic:2009,
	Address = {New York, NY, USA},
	Author = {Asanovic, Krste and Bodik, Rastislav and Demmel, James and Keaveny, Tony and Keutzer, Kurt and Kubiatowicz, John and Morgan, Nelson and Patterson, David and Sen, Koushik and Wawrzynek, John and Wessel, David and Yelick, Katherine},
	Issue_Date = {October 2009},
	Journal = {Commun. ACM},
	Month = oct,
	Number = {10},
	Numpages = {12},
	Pages = {56--67},
	Publisher = {ACM},
	Title = {A view of the parallel computing landscape},
	Volume = {52},
	Year = {2009},
}


@book{Breshears:2009,
  author    = {Clay P. Breshears},
  title     = {The Art of Concurrency - A Thread Monkey's Guide to Writing
               Parallel Applications},
  publisher = {O'Reilly},
  year      = {2009},
  address      = {Sebastopol, CA, USA},
  pages     = {I-XIII, 1-285}
}

@article{Bryant:2011,
    address = {Los Alamitos, CA, USA},
    author = {Bryant, Randal E.},
    journal = {Computing in Science and Engineering},
    number = {PrePrints},
    publisher = {IEEE Computer Society},
    title = {{Data-Intensive Scalable Computing for Scientific Applications}},
    volume = {99},
    year = {2011}
}

@inproceedings{Cherkasova:2011,
 author = {Cherkasova, Ludmila},
 title = {Performance modeling in mapreduce environments: challenges and opportunities},
 booktitle = {Proceedings of the second joint WOSP/SIPEW international conference on Performance engineering},
 series = {ICPE '11},
 year = {2011},
 location = {Karlsruhe, Germany},
 pages = {5--6},
 numpages = {2},
 publisher = {ACM},
 address = {New York, NY, USA}
} 


@article{Cole:1988,
 author = {Cole, Richard},
 title = {Parallel merge sort},
 journal = {SIAM J. Comput.},
 issue_date = {August 1988},
 volume = {17},
 number = {4},
 month = aug,
 year = {1988},
 issn = {0097-5397},
 pages = {770--785},
 numpages = {16},
 url = {http://dx.doi.org/10.1137/0217049},
 doi = {10.1137/0217049},
 acmid = {61987},
 publisher = {Society for Industrial and Applied Mathematics},
 address = {Philadelphia, PA, USA}
} 

@book{Cormen:2009,
	Author = {Thomas H. Cormen and Charles E. Leiserson and Ronald L. Rivest and Clifford Stein},
	Edition = {3},
	Location = {Cambridge, MA},
	Publisher = {MIT Press},
	Title = {Introduction to Algorithms},
	Year = {2009}}
	

@article{Dean:2008,
	Acmid = {1327492},
	Address = {New York, NY, USA},
	Author = {Dean, Jeffrey and Ghemawat, Sanjay},
	Issue_Date = {January 2008},
	Journal = {Commun. ACM},
	Month = jan,
	Number = {1},
	Numpages = {7},
	Pages = {107--113},
	Publisher = {ACM},
	Title = {MapReduce: simplified data processing on large clusters},
	Volume = {51},
	Year = {2008}}

@article{Deminet:1982,
 author = {Deminet, J.},
 title = {Experience with Multiprocessor Algorithms},
 journal = {IEEE Trans. Comput.},
 issue_date = {April 1982},
 volume = {31},
 number = {4},
 month = apr,
 year = {1982},
 issn = {0018-9340},
 pages = {278--288},
 publisher = {IEEE Computer Society},
 address = {Washington, DC, USA},
} 

@inproceedings{Ernst:2009,
 author = {Ernst, Daniel and Wittman, Barry and Harvey, Brian and Murphy, Tom and Wrinn, Michael},
 title = {Preparing students for ubiquitous parallelism},
 booktitle = {Proceedings of the 40th ACM technical symposium on Computer science education},
 series = {SIGCSE '09},
 year = {2009},
 location = {Chattanooga, TN, USA},
 pages = {136--137},
 numpages = {2},
 publisher = {ACM},
 address = {New York, NY, USA}
} 

@misc{Gantz:2008,
	Author = {Gantz, J.},
	Title = {The Diverse and Exploding Digital Universe: An Updated Forecast of Worldwide Information Growth Through 2011},
	Year = {2008},
	publisher={ International Data Corporation},
	Number={ White paper},
	Address={Framingham, MA, USA}
}

@misc{Gray:1998,
	Author = {Gray, J},
	Title = {Sort Benchmark Homepage},
	Year = {1998},
	howpublished = {Website},
	note = {\url{ http://sortbenchmark.org} Acessado em Abril de 2012.}
}

@misc{Hadoop:2010,
	Author = {Hadoop},
	Title = { Welcome to Apache Hadoop!},
	Year = {2010},
	howpublished = {Website},
	note = {\url{ http://hadoop.apache.org} Acessado em Abril de 2012.}
}

@article{Shi:1992,
 author = {Shi, Hanmao and Schaeffer, Jonathan},
 title = {Parallel sorting by regular sampling},
 journal = {J. Parallel Distrib. Comput.},
 issue_date = {April 1992},
 volume = {14},
 number = {4},
 month = apr,
 year = {1992},
 issn = {0743-7315},
 pages = {361--372},
 numpages = {12},
 publisher = {Academic Press, Inc.},
 address = {Orlando, FL, USA},
} 

@inproceedings{Huang:1983,
	Address = {Washington, DC, USA},
	Author = {J.S. Huang and Y.C. Chow},
	Booktitle = {Proceedings of the IEEE Computer Society's Seventh International Computer Software and Applications Conference},
	Pages = {627-631},
	Publisher = {IEEE Computer Society},
	Title = {Parallel Sorting and Data Partitioning by Sampling},
	Year = {1983}}


@inproceedings{Kale:2010,
	Address = {New York, NY, USA},
	Articleno = {10},
	Author = {Kale, Vivek and Solomonik, Edgar},
	Booktitle = {Proceedings of the 2010 Workshop on Parallel Programming Patterns},
	Location = {Carefree, Arizona},
	Numpages = {12},
	Pages = {10:1--10:12},
	Publisher = {ACM},
	Series = {ParaPLoP '10},
	Title = {Parallel sorting pattern},
	Year = {2010}}

@article{Lauterbach:2009,
    author = {Lauterbach, C. and Garland, M. and Sengupta, S. and Luebke, D. and Manocha, D.},
  	journal = {Computer Graphics Forum},
    number = {2},
    pages = {375--384},
    priority = {2},
    publisher = {Blackwell Publishing},
    title = {{Fast BVH Construction on GPUs}},
    volume = {28}
}

@book{Lin:2010,
	Author = {Jimmy Lin and Chris Dyer},
	Publisher = {Morgan {\&} Claypool Publishers},
	Series = {Synthesis Lectures on Human Language Technologies},
	Title = {Data-Intensive Text Processing with MapReduce},
	Year = {2010},
	Address = {University of Maryland, College Park, Maryland}

}


@book{Knuth:1998,
  author    = {D.E.Knuth},
  title     = {The Art of Computer Programming, Volume3: Sorting and Searching},
  publisher = {Addison-Wesley},
  year      = {1998},
  address      = {Boston, MA, USA},
}

@article{Manferdelli:2008,
	Author = {Manferdelli, John L. and Govindaraju, Naga K. and Crall, Chris},
	Booktitle = {Proceedings of the IEEE},
	Date-Modified = {2012-05-06 16:39:46 +0000},
	Journal = {Proceedings of the IEEE},
	Month = {may},
	Number = {5},
	Pages = {808--815},
	Title = {Challenges and Opportunities in {Many-Core} Computing},
	Volume = {96},
	Year = {2008},
	address ={Redmond, WA, USA}
}


@misc{Paula:2011,
	Adress = {Belo Horizonte},
	Author = {Paula de Morais Pinh{\~a}o},
	Title = {Ordena{\c c}{\~a}o Paralela no Ambiente Hadoop},
	Year = {2011}}

@misc{Prinslow:2011,
	Author = {Garrison Prinslow},
	Title = {Overview of Performance Measurement and Analytical Modeling Techniques for Multi-core Processors},
	Year = {2011}}


@book{Quinn:1994,
 author = {Quinn, Michael J.},
 title = {Parallel computing (2nd ed.): theory and practice},
 year = {1994},
 isbn = {0-07-051294-9},
 publisher = {McGraw-Hill, Inc.},
 address = {New York, NY, USA},
} 

@article{Quinn:1988,
  author = {Quinn, Michael J.},
  journal = {Parallel Computing},
  number = 3,
  pages = {349-357},
  title = {Parallel sorting algorithms for tightly coupled multiprocessors.},
  volume = 6,
  year = 1988
}

@inproceedings{Ranger:2007,
 author = {Ranger, Colby and Raghuraman, Ramanan and Penmetsa, Arun and Bradski, Gary and Kozyrakis, Christos},
 title = {Evaluating MapReduce for Multi-core and Multiprocessor Systems},
 booktitle = {Proceedings of the 2007 IEEE 13th International Symposium on High Performance Computer Architecture},
 series = {HPCA '07},
 year = {2007},
 pages = {13--24},
 numpages = {12},
 publisher = {IEEE Computer Society},
 address = {Washington, DC, USA}
} 

@book{Rauber:2010,
 author = {Rauber, T. and R\"{u}nger, G.},
 title = {{Parallel Programming for Multicore and Cluster Systems}},
 year = {2010},
 publisher = {{Springer Verlag}},
 address = {Berlin, Heidelberg}
}

@inproceedings{Satish:2009,
	Address = {Washington, DC, USA},
	Author = {Nadathur Satish and Mark Harris and Michael Garland},
	Booktitle = {Proceedings of the 2009 IEEE International Symposium on Parallel\&Distributed Processing},
	Pages = {1-10},
	Publisher = {IEEE Computer Society},
	Title = {Designing efficient sorting algorithms for manycore GPUs},
	Year = {2009}}

@PhdThesis{Toth:2008,
author = {David M. Toth},
title = {Improving the Productivity of Volunteer Computing},
school = {Worcester Polytechnic Institute},
year = {2008}
}


@book{White:2009,
	Author = {Tom White},
	Edition = {1},
	Month = {june},
	Publisher = {O'Reilly},
	Title = {Hadoop: The Definitive Guide},
	Year = {2009},
	Address = {Sebastopol, CA, USA}
}


@book{Ziviani:2007,
	Author = {Ziviani, N},
	Publisher = {Thomson Learning},
	Title = {Projeto de Algoritmos com Implementa√ß√µes em Java e C++},
	Year = {2007},
	Address = {S√£o Paulo, Brazil},
	Pages={641}
}



@misc{Apache:2012,
	Author = {Apache Software Foundation},
	Title = {http://www.apache.org},
	Year = {2012}}


@misc{Parikh:2008,
	Author = {R. Parikh. },
	Title = {Accelerating quicksort on the intel pentium 4 processor with hyper‚Äìthreading technology},
	Year = {2008},
	note = {\url{softwarecommunity.intel.com/articles/eng/2422.htm/}}}
	

@misc{Page:1999,
	Author = {Lawrence Page and Sergey Brin and Rajeev Motwani and Terry Winograd},
	Title = {The PageRank Citation Ranking: Bringing Order to the Web},
	Year = {1999}}


@article{Barve:2002,
  author    = {Rakesh D. Barve and
               Jeffrey Scott Vitter},
  title     = {A Simple and Efficient Parallel Disk Mergesort},
  journal   = {Theory Comput. Syst.},
  volume    = {35},
  number    = {2},
  year      = {2002},
  pages     = {189-215},
  
}

@inproceedings{Barve:1996,
 author = {Barve, Rakesh D. and Grove, Edward F. and Vitter, Jeffrey Scott},
 title = {Simple randomized mergesort on parallel disks},
 booktitle = {Proceedings of the eighth annual ACM symposium on Parallel algorithms and architectures},
 series = {SPAA '96},
 year = {1996},
 isbn = {0-89791-809-6},
 location = {Padua, Italy},
 pages = {109--118},
 numpages = {10},
 publisher = {ACM},
 address = {New York, NY, USA},
} 

@article{Reif:1987,
 author = {Reif, John H. and Valiant, Leslie G.},
 title = {A logarithmic time sort for linear size networks},
 journal = {J. ACM},
 issue_date = {Jan. 1987},
 volume = {34},
 number = {1},
 month = jan,
 year = {1987},
 issn = {0004-5411},
 pages = {60--76},
 numpages = {17},
 acmid = {7532},
 publisher = {ACM},
 address = {New York, NY, USA}
} 

@inproceedings{Sanders:1997,
 author = {Sanders, Peter and Hansch, Thomas},
 title = {Efficient Massively Parallel Quicksort},
 booktitle = {Proceedings of the 4th International Symposium on Solving Irregularly Structured Problems in Parallel},
 series = {IRREGULAR '97},
 year = {1997},
 pages = {13--24},
 numpages = {12},
 publisher = {Springer-Verlag},
 address = {London, UK, UK},
} 

@inproceedings{Sanders:2004,
  author = {Sanders, Peter and Winkel, Sebastian},
  title     = {Super Scalar Sample Sort},
  booktitle = {ESA 2004, 12th Annual European Symposium},
  publisher = {Springer},
  volume    = {3221},
  year      = {2004},
  pages = {784-796},
  Address = {Bergen,
               Norway}
}

@inproceedings{Batcher:1968,
 author = {Batcher, K. E.},
 title = {Sorting networks and their applications},
 booktitle = {Proceedings of the April 30--May 2, 1968, spring joint computer conference},
 series = {AFIPS '68 (Spring)},
 year = {1968},
 location = {Atlantic City, New Jersey},
 pages = {307--314},
 numpages = {8},
  publisher = {ACM},
 address = {New York, NY, USA},
} 

% NAO USADO

@techreport{Leiserson:2008,
	Author = {C. E. Leiserson and I. B. Mirman},
	Institution = {Cilk Arts, Inc},
	Title = {How to Survive the Multicore Software Revolution},
	Year = {2008},
	Address = {USA}
	}



@article{Sutter:2005,
	Acmid = {1095421},
	Address = {New York, NY, USA},
	Author = {Sutter, Herb and Larus, James},
	Journal = {Queue},
	Month = sep,
	Number = {7},
	Numpages = {9},
	Pages = {54--62},
	Publisher = {ACM},
	Title = {Software and the Concurrency Revolution},
	Volume = {3},
	Year = {2005},
}
